2799 3476
576 602 675 662 De
723 600 984 661 utilitate
1027 599 1176 661 artis
1216 596 1638 689 *gymnasticae
1683 596 1848 677 apud
1892 595 2190 673 Graecos,

382 822 550 896 Haud
576 851 683 898 falso
714 852 830 912 queri
853 853 1069 914 videntur,
1089 851 1161 911 qui
1184 849 1328 910 generi
1348 849 1525 894 humano
1548 849 1655 894 bene
1678 847 1861 909 eupiunt,
1890 849 2001 908 quod
2026 859 2141 896 aetas
2167 861 2310 897 nostra
2330 851 2511 899 debilio-

262 946 333 975 res
366 927 501 975 indies
529 930 750 990 progignat
779 932 966 977 homines
995 943 1037 977 et
1068 930 1268 976 adversae
1293 925 1521 974 valetudini
1547 926 1682 985 magis
1717 926 1933 974 obnoxios.
1991 932 2211 975 Testantur
2242 921 2324 976 boe
2355 933 2510 983 multae

262 1008 445 1051 virorum
475 1018 564 1052 arte
596 1008 760 1053 medica
785 1009 1009 1068 peritorum
1042 1024 1188 1063 voces3
1234 1017 1435 1051 testantur
1464 1005 1574 1049 idem
1611 1005 1745 1050 babiti
1781 1006 1999 1072 quotannis
2026 996 2200 1053 militum
2228 994 2511 1066 delectast-

264 1085 414 1144 quibus
444 1085 519 1129 vix
549 1094 593 1130 et
620 1101 746 1144 aegre
772 1087 979 1132 sufficiens
1003 1084 1261 1131 multitudo
1245 1100 1437 1129 iuvenum
1463 1083 1587 1128 armis
1611 1083 1792 1128 ferendis
1821 1083 1981 1143 parium
2009 1095 2052 1129 et
2078 1086 2133 1130 ad
2159 1086 2338 1146 patriam
2365 1087 2512 1134 defen-

264 1161 444 1208 dendam
477 1153 716 1209 idoneorum
744 1164 917 1224 reperiri
942 1174 1094 1224 potest.
1150 1166 1217 1208 De
1244 1178 1326 1221 qua
1352 1160 1570 1206 debilitate
1601 1176 1651 1205 ac
1679 1159 1932 1205 mutilatione
1959 1161 2140 1222 corporis
2171 1174 2257 1208 tam
2287 1181 2512 1223 perversae

245 1248 361 1284 'sunt
385 1236 596 1285 hominum
620 1239 862 1286 nostratium
889 1239 1139 1296 sententiae,
1177 1248 1224 1284 ut
1260 1247 1476 1298 postquam
1510 1235 1685 1282 militIae
1718 1236 1897 1297 impares
1930 1237 2085 1284 inventi
2121 1250 2214 1285 sunt
2241 1226 2394 1288 eximie
2419 1242 2513 1290 lao-

228 1379 231 1381 ,
263 1326 402 1363 tentur
428 1323 472 1363 et
495 1310 647 1376 gaudio
673 1317 773 1364 elati
802 1317 847 1364 in
875 1332 1083 1378 cauponas
1109 1326 1153 1363 et
1178 1315 1353 1377 popinas
1381 1323 1504 1373 eant,
1541 1313 1615 1360 ubi
1640 1314 1777 1375 epulis
1808 1325 1850 1361 et
1875 1315 1973 1361 vino
2000 1315 2171 1375 largiter
2203 1334 2295 1365 sese
2321 1319 2513 1380 inguim·-

261 1403 368 1452 tant,
396 1393 515 1454 quasi
542 1393 596 1441 de
617 1394 784 1442 miseria
808 1413 885 1442 sua
910 1395 1128 1443 laetantes.
1183 1391 1287 1440 Vidi
1309 1400 1485 1452 egomet,
1510 1408 1604 1437 cum
1626 1408 1741 1438 annoa
1758 1390 1961 1452 superiori
1983 1391 2140 1452 aliquot
2166 1393 2358 1456 discipuli
2380 1397 2514 1446 nonu-‘i

264 1481 434 1531 propter
463 1471 559 1517 colli
591 1474 908 1531 turgescentiam
944 1485 985 1518 et
1019 1471 1193 1532 collapsi
1227 1460 1473 1529 angustique
1502 1468 1680 1529 pectoris
1717 1468 1853 1528 gratia
1862 1501 1880 1523 ,
1919 1485 2024 1528 quae
2055 1487 2122 1515 res
2159 1471 2357 1530 phthisim
2388 1492 2512 1535 prae·-

265 1547 446 1607 sagiunt,
472 1564 504 1594 a
531 1548 680 1595 militia
707 1560 846 1595 essent
869 1549 1023 1607 soluti,
1049 1550 1128 1595 hos
1157 1549 1365 1593 exsultare
1393 1562 1443 1592 ac
1465 1556 1647 1606 potare„
1661 1545 1851 1591 nimirum
1878 1547 2173 1605 laetabundos,
2203 1551 2310 1607 quod
2331 1553 2513 1600 morbosi

265 1637 406 1673 essent
428 1614 600 1672 indicati
629 1637 671 1672 et
696 1627 838 1672 vitiosi
867 1626 1048 1687 corporis
1075 1625 1326 1686 turpitudine
1353 1626 1407 1670 ab
1433 1624 1568 1670 officio
1596 1624 1764 1684 publico
1795 1624 1977 1671 liberati.
2033 1626 2236 1684 Equidem
2265 1646 2344 1686 me,
2377 1641 2423 1675 ut
2446 1631 2514 1676 in-

265 1721 399 1764 genue
432 1705 596 1770 fatear,
613 1695 791 1750 'mallem
817 1721 894 1764 per
926 1703 1163 1749 sexennium
1202 1713 1244 1748 et
1278 1701 1455 1762 amplius
1484 1718 1687 1748 armorum
1717 1702 1974 1748 serendorum
2009 1720 2222 1750 aerumnas
2249 1707 2360 1766 pati,
2390 1725 2515 1768 quan

264 1784 416 1830 vitioso
446 1800 616 1843 corpore
643 1799 736 1828 esse
764 1783 818 1827 ab
851 1782 914 1828 rei
942 1782 1085 1842 peritis
1112 1781 1301 1828 iudicari.
1358 1784 1462 1827 Nam
1496 1780 1536 1826 si
1568 1797 1683 1826 mens
1718 1797 1820 1827 sana
1854 1781 1897 1826 in
1933 1765 2102 1843 corpore
2133 1800 2233 1829 sano
2247 1788 2294 1840 13
2332 1787 2513 1845 qualem,

265 1878 433 1923 quaeso,
466 1860 614 1905 mentis
646 1859 864 1905 sanitatem
891 1859 958 1905 his
989 1859 1222 1904 hominibus
1251 1869 1292 1904 et
1316 1858 1491 1919 posteris
1524 1875 1663 1904 eorum
1689 1847 1865 1905 finmram
1894 1861 2163 1921 sperabimus,
2198 1879 2289 1907 cum
2315 1880 2399 1908 non
2421 1874 2513 1909 tan·
2566 1904 2572 1906 „

265 1952 352 1986 tum
378 1938 461 2000 ipsi
484 1953 622 1984 sumus
651 1936 826 1993 debiles,
860 1936 934 1981 sed
961 1935 1214 1981 vitiosiorem
1240 1936 1284 1980 in
1314 1936 1403 1982 dies
1430 1936 1668 1996 progeniem
1696 1925 1878 1984 edituri?
1916 1942 2059 1997 Neque
2084 1939 2312 1986 litterarum
2340 1941 2512 1986 studiosi

264 2028 435 2075 tantum,
460 2026 507 2061 ut
531 2014 640 2077 apud
664 2017 871 2059 Romanos
884 2016 933 2070 2,
967 2022 1008 2057 et
1030 2009 1202 2071 urbani,
1230 2013 1305 2059 sed
1330 2014 1493 2060 omnino
1521 2030 1661 2061 omnes
1689 2015 1769 2062 hac
1798 2015 2083 2063 imbecillitate
2108 2018 2316 2066 laborant.
2370 2018 2511 2065 Labo-

264 2104 404 2143 rarent
429 2109 545 2150 vero,
574 2090 695 2136 modo
723 2105 778 2134 ne
799 2089 965 2135 miseria
986 2105 1061 2135 sua
1083 2091 1332 2149 gauderent'

377 2175 420 2218 A
454 2185 536 2231 qua
570 2166 862 2215 sententiarum
894 2166 1163 2228 perversitate
1196 2167 1438 2213 alienissimi
1473 2179 1590 2214 erant
1622 2180 1783 2217 veteres
1813 2173 1975 2219 Graeci.
2031 2174 2089 2219 Hi
2117 2174 2303 2234 quidem,
2341 2172 2381 2218 si
2410 2139 2511 2233 quid

264 2265 459 2322 unquam,
488 2248 704 2294 honestum
731 2245 931 2307 putabant
958 2260 1071 2291 arma
1097 2246 1208 2292 ferre
1228 2262 1307 2308 pro
1328 2247 1488 2308 patria,
1517 2256 1664 2307 atque,
1692 2257 1738 2295 ut
1765 2249 1843 2295 hoc
1865 2260 2055 2311 possent,
2084 2251 2193 2297 omni
2218 2249 2339 2297 modo
2365 2250 2512 2298 elabo-

263 2327 359 2379 rare
384 2320 607 2377 studebant
632 2340 659 2371 a
685 2323 877 2387 pueritia.
931 2324 1048 2371 Nihil
1078 2323 1202 2384 enim,
1231 2324 1269 2371 si
1299 2324 1482 2387 excipias
1506 2334 1615 2371 artes
1640 2325 1862 2385 liberales,
1890 2327 2023 2387 magis
2048 2328 2233 2373 decorum
2257 2343 2375 2387 esse,
2404 2329 2512 2377 nihil

263 2406 429 2454 homine
453 2395 619 2464 dignius
649 2394 896 2460 censebant,
925 2417 1046 2462 quam
1071 2396 1253 2467 curare,
1267 2414 1312 2448 ut
1339 2403 1500 2463 integro
1528 2419 1578 2449 ac
1604 2403 1745 2450 valido
1772 2416 1910 2451 essent
1937 2421 2117 2466 corpore,
2151 2415 2375 2467 propterea
2400 2408 2511 2468 quod

239 2498 503 2545 *persuasum
529 2480 761 2538 habebant,
797 2495 944 2541 corpus
973 2490 1165 2540 tanquam
1193 2481 1403 2527 vasculum
1431 2481 1673 2528 immortalis
1708 2481 1857 2540 animi,
1890 2500 1969 2528 non
1995 2480 2075 2526 nisi
2107 2498 2266 2530 summa
2293 2501 2390 2532 cura
2415 2485 2510 2533 ido-

264 2578 388 2608 neum
415 2560 508 2607 fieri
535 2559 590 2606 ad
618 2559 817 2605 culturam
844 2559 973 2607 animi
998 2559 1302 2621 recipiendam,
1341 2560 1396 2607 ad
1423 2560 1536 2606 vitae
1570 2558 1738 2619 negotia
1766 2558 1984 2621 patranda,
2024 2557 2078 2604 ad
2108 2558 2349 2620 obsequium
2373 2562 2508 2610 ani-o

264 2656 428 2700 semper
453 2648 495 2684 et
523 2638 677 2698 ubique
700 2638 1005 2699 praestandum.
1063 2641 1157 2695 Qua
1187 2639 1240 2685 de
1273 2655 1397 2685 causa
1420 2637 1568 2685 Graeci
1603 2648 1732 2683 artem
1761 2634 2055 2697 gymnasticam
2082 2635 2127 2682 in
2149 2639 2328 2686 maximo
2354 2641 2507 2689 bonore

264 2718 420 2769 babere
443 2715 648 2762 solebant.
702 2720 846 2777 Neque
879 2727 1015 2765 tamen
1051 2718 1180 2765 solius
1211 2717 1316 2765 belli
1347 2732 1630 2776 armorumque
1661 2714 1917 2761 ferendorum
1944 2728 2069 2760 causa
2098 2717 2246 2762 Graeci
2272 2728 2361 2764 arte
2385 2734 2506 2779 gym-

264 2795 423 2843 nastica
448 2804 595 2853 corpus
621 2795 915 2859 exercebant,
921 2794 998 2841 sed
1023 2804 1069 2841 ut
1093 2795 1282 2883 omnibus
1306 2795 1419 2842 vitae
1447 2794 1701 2850 muneribus,
1730 2805 1836 2850 quae
1865 2806 1894 2838 a
1918 2792 2000 2839 diis
2028 2793 2296 2854 accepissent,
2319 2795 2506 2844 fruere*

338 2945 919 2994 1.1uvena1.satyr.x,356.
972 2949 1180 2989 orandum
1204 2958 1273 2999 est,
1299 2958 1342 2989 ut
1365 2953 1417 2990 sit
1440 2964 1550 2989 mens
1572 2962 1677 2987 sana
1701 2951 1747 2988 in
1768 2962 1934 3003 corpore
1955 2965 2069 2990 sano.
2347 2989 2353 2993 ,

362 3007 625 3045 .cf.ce1⁸us
651 3005 700 3040 de
723 3004 864 3042 medic.
890 3008 921 3052 1,
951 3010 989 3044 2.
1016 3007 1104 3045 init.
1150 3013 1205 3045 At
1228 3009 1454 3055 imbecillis,
1488 3020 1563 3057 quo
1595 3009 1640 3045 in
1671 3021 1835 3047 numero
1867 3023 2018 3060 magna
2045 3023 2144 3061 pars
2167 3011 2505 3058 urbanorum

406 3076 479 3102 om
493 3074 695 3113 neqque
716 3073 846 3112 paene
868 3064 1064 3114 cupidi
1089 3065 1412 3104 litterarum
1436 3072 1543 3112 sunt,
1570 3065 1790 3105 observatio
1813 3070 1943 3109 maior
1966 3070 2190 3106 necessaria
2213 3075 2282 3106 est.

1613 3125 1641 3169 1
