2799 3476
1217 130 1409 181 ...29
1476 154 1545 164 ...-

263 257 819 320 mmm
848 256 1080 310 idn-”12:71
1084 255 1455 316 lwessm
1486 264 1706 316 puerorum
1740 258 1913 318 pri-um
1950 261 2107 307 musica
2136 271 2234 307 ute
2269 262 2503 321 molium,

264 334 2107 401 mmmmmmqmmctepronmaredoemus.
2161 340 2506 387 Dei-detentis

261 415 811 482 Μοίώῑοῶῦεέ
826 413 965 472 ἴδιαί·
974 414 1231 485 *we-tim
1262 415 1443 468 viretum
1470 416 1720 474 sententias,
1759 419 2128 487 resa-eioribus
2158 405 2319 467 fortiter
2349 431 2506 482 gestas,

265 497 474 548 ses-ones
511 497 650 546 varios
688 507 818 545 metro
854 506 1097 554 exornatas,
1134 512 1214 556 quo
1250 495 1412 542 fidelius
1445 495 1639 542 memoria
1672 506 1861 555 teneant,
1898 497 2066 544 auribus
2102 516 2240 547 eornm
2271 500 2507 562 stoque-ur

263 578 567 646 munus.“
574 604 633 619 --
649 581 779 647 Tum
809 575 1003 653 οξροιίιι
1030 575 1193 640 reliqua
1224 574 1381 637 ingenii
1413 575 1625 627 erudiendi
1659 576 1843 641 ratione,
1879 576 1992 624 infra
2023 577 2083 623 sic
2117 580 2251 639 pergit
2259 581 2327 627 47
2364 587 2506 641 „cor-

262 674 392 724 port,
432 659 551 730 quod
577 657 756 707 ennium
788 657 966 713 maxine
1002 656 1145 705 audire
1180 658 1414 720 desideras,
1452 658 1505 705 ad
1535 657 1642 703 hunc
1676 658 1840 705 modum
1879 675 2128 705 exercemus.
2194 663 2340 708 Exutis
2377 665 2504 710 vesti·-

265 741 417 792 nentis
449 736 624 808 primm
662 740 759 790 illa
777 739 833 787 ad
871 755 1009 786 aerem
1047 739 1362 804 assuefacimus,
1406 738 1557 800 quippe
1593 755 1674 783 non
1714 737 1890 800 amplius
1930 749 2070 785 tenera
2107 751 2231 800 atque
2272 741 2501 803 inbecilla,

262 823 453 893 omm'bus
485 821 795 886 tempestatibus
827 821 1197 879 accommodamus,
1234 833 1280 867 ιιι
1309 837 1440 897 neque
1470 819 1570 864 solis
1599 829 1763 881 aestunr¹
1784 818 1965 877 graviter
1994 820 2148 877 ferant,
2189 838 2322 880 neque
2352 824 2502 882 algoris

265 901 350 952 sint
365 900 642 971 inpatientia.
694 900 857 968 Deinde
879 901 1020 949 eadem
1040 901 1131 948 oleo
1150 900 1425 966 pertingimus,
1451 910 1495 943 ut
1516 898 1722 943 habiliora
1745 909 1791 946 et
1809 898 1989 959 firmiora
2012 901 2246 958 reddantur.
2272 928 2328 937 —
2351 906 2505 947 Mons

262 981 392 1030 variis
420 979 672 1054 excogitatis
706 980 913 1027 exercitiis
950 997 999 1028 ac
1031 980 1296 1047 singulorum
1314 977 1573 1024 certaminum
1609 977 1820 1042 magistris
1858 977 2112 1037 constitutis,
2150 979 2273 1026 alium
2301 981 2505 1041 pugilatu,

262 1045 405 1127 alium
417 1061 627 1130 pancratio
640 1092 656 1119 ,
686 1061 810 1109 alium
840 1078 959 1108 cursu
987 1076 1243 1127 exercemus,
1270 1068 1316 1127 ut
1345 1056 1558 1102 laboribus
1586 1050 1814 1121 tolerandis
1845 1058 2067 1104 assuefiant
2093 1059 2325 1118 pariterque
2354 1062 2507 1109 ictuum

242 1141 593 1199 ,declinandorum
610 1141 746 1208 periti
772 1124 949 1214 evadant
976 1156 1108 1199 neque
1133 1148 1244 1184 metu
1271 1145 1509 1183 aversentur
1535 1136 1719 1192 vulnera.
1776 1139 1967 1186 Ceterum
2001 1137 2131 1184 omnis
2161 1137 2263 1185 haec
2293 1156 2508 1200 corporum

261 1209 500 1278 exercitatio
536 1221 646 1266 duas
696 1211 910 1277 maffimas
953 1219 1080 1264 habet
1118 1219 1342 1273 utilitates,
1397 1218 1528 1286 UNam
1550 1217 1757 1261 aninmsos
1802 1215 1939 1272 reddit
1984 1216 2157 1263 iuvenes
2202 1219 2255 1263 ad
2294 1220 2508 1281 subeunda

253 1284 445 1364 perieula
482 1309 525 1346 et
553 1316 805 1358 prosperam
843 1293 904 1344 eis
938 1297 1054 1344 addit
1090 1297 1386 1359 valetudinem.
1440 1296 1576 1352 Atque
1614 1294 1692 1339 hoc
1725 1294 1887 1353 quidem
1919 1299 2103 1353 primum
2138 1308 2225 1354 est,
2273 1300 2382 1357 quod
2417 1300 2506 1360 sine

260 1377 538 1435 controversia
568 1377 651 1424 sibi
677 1388 826 1438 parant
850 1377 1040 1433 iuvenes,
1073 1387 1119 1421 ut
1146 1391 1316 1440 corpora
1343 1354 1523 1448 firmiora
1552 1373 1654 1417 fiant
1685 1383 1727 1417 et
1753 1374 2004 1432 robustiora,
2037 1393 2141 1436 quae
2168 1377 2403 1423 huiusmodi
2431 1396 2505 1424 ex·

262 1468 450 1504 arcentur
468 1441 696 1528 laboribus.
753 1460 956 1503 Alterum
983 1475 1082 1503 vero
1110 1475 1192 1502 non
1216 1456 1348 1500 minus
1377 1471 1568 1513 magnum
1603 1465 1667 1498 est
1698 1466 1740 1499 et
1768 1464 1909 1514 grave.
1965 1459 2128 1502 Habent
2151 1460 2257 1504 enim
2280 1460 2318 1504 si
2340 1461 2503 1519 quaudo

259 1537 306 1584 in
333 1537 435 1583 belli
459 1537 743 1582 necessitatem
773 1537 984 1593 venerint,
1013 1552 1202 1596 magnam
1233 1552 1370 1579 earum
1403 1551 1562 1591 rerum,
1595 1550 1699 1593 quae
1731 1535 1785 1578 ad
1820 1536 1973 1583 bellum
2001 1539 2231 1584 necessaria
2252 1550 2360 1598 sunt,
2390 1540 2503 1601 peri-

259 1616 375 1663 tiam.
432 1617 499 1662 Ibi
528 1616 672 1684 quanti
703 1616 758 1661 sit
789 1615 971 1676 corporis
999 1617 1124 1660 robur
1149 1614 1379 1659 faciendum
1406 1625 1448 1659 et
1476 1615 1696 1671 habilitas,
1733 1625 1878 1675 sponte
1902 1616 2158 1675 intelligitur.
2214 1622 2318 1664 Nam
2345 1620 2503 1666 hasten

260 1695 333 1756 qui
368 1695 413 1739 in
446 1696 554 1739 bunc
587 1696 752 1741 modum
785 1695 1029 1740 exercitatus
1065 1704 1128 1739 est
1156 1693 1276 1738 citius
1305 1694 1607 1754 supplantatum
1639 1703 1869 1754 prosternet
1901 1704 1942 1739 et
1978 1696 2193 1756 prolapsus
2230 1696 2344 1757 ipse,
2382 1715 2503 1758 quam

257 1774 455 1822 facillime
482 1775 636 1834 poterit
663 1790 898 1833 exsurgere.
954 1777 1069 1818 Haec
1098 1772 1207 1818 enim
1233 1772 1386 1824 omnia,
1403 1758 1456 1817 ad
1488 1788 1629 1817 verum
1660 1773 1765 1817 illud
1797 1783 2016 1831 certamen,
2051 1776 2159 1834 quod
2190 1776 2235 1820 in
2260 1776 2383 1822 armis
2407 1794 2502 1838 per-

258 1849 410 1912 agina,
440 1851 595 1897 referre
626 1852 818 1910 solemus,
846 1851 1092 1912 planeque
1076 1869 1120 1896 ιιι
1151 1868 1242 1897 eam
1277 1850 1510 1912 opinionem
1538 1850 1835 1908 descendimus,
1868 1863 1912 1895 ιιι
1940 1863 2050 1897 certo
2082 1869 2321 1913 persuasum
2347 1856 2502 1902 habea-

258 1944 349 1974 mus
382 1930 507 1990 longe
545 1930 783 1976 melioribus
813 1948 888 1975 nos
921 1948 1065 1976 usuros
1106 1947 1197 1975 esse
1231 1929 1292 1975 ita
1328 1929 1584 1986 exercitatis,
1623 1925 1889 1989 posteaquam
1923 1931 2097 1990 primum
2134 1931 2298 1977 illorum
2333 1948 2502 1992 corpora

250 1991 368 2074 nuda
395 2008 579 2054 emollita
610 2019 733 2068 atque
757 2009 982 2054 exercitata
1010 2019 1053 2067 et
1076 2007 1307 2053 robustiora
1327 2006 1594 2063 reddidimus,
1625 2022 1757 2065 neque
1788 2006 1920 2051 minus
1948 2007 2059 2053 levia
2086 2019 2127 2053 et
2154 2009 2313 2055 habilia
2338 2012 2502 2058 eadem·

257 2101 337 2146 que
365 2084 614 2132 adversariis
642 2087 788 2147 gravia
814 2087 1069 2134 effecimus.“
1100 2114 1159 2122 —
1195 2090 1404 2132 Hactenus
1431 2085 1559 2130 Solon
1586 2083 1696 2145 apud
1725 2083 1966 2130 Lucianum.

301 2218 361 2256 47.
390 2219 555 2255 Lucian.
583 2218 680 2255 ibid.
706 2230 739 2256 c.
765 2219 822 2255 24.
847 2219 933 2257 init.
986 2219 1039 2256 Τὰ
1062 2220 1105 2256 δὲ
1125 2219 1172 2266 δὴ
1195 2217 1362 2268 σώματα,
1390 2215 1483 2266 ὅπερ
1501 2216 1664 2267 μάλιστα
1683 2216 1836 2259 ἐπόθεις
1855 2217 2027 2265 ἀκοῦσαι,
2054 2212 2131 2256 ὦδε
2151 2221 2496 2273 καταγυμνάζομεν.

393 2273 653 2318 ἀποδύσαντες
671 2275 779 2323 αὐτὰ,
805 2274 855 2320 ὥς
879 2278 988 2326 ἔφην,
1015 2277 1137 2315 οὐκέτι
1159 2275 1285 2314 ἁπαλὰ
1309 2278 1373 2312 καὶ
1394 2279 1520 2313 τέλεον
1543 2276 1755 2343 ἀσυμπαγῆ
1772 2288 1879 2321 οντα,
1905 2278 2057 2323 πρῶτον
2075 2279 2149 2326 μὲν
2168 2279 2304 2321 ἐθίζειν
2323 2280 2500 2329 ἀξιοῦμεν

392 2334 487 2381 πρὸς
510 2334 577 2371 τὸν
599 2334 710 2381 ἀέρα,
739 2336 1032 2388 συνοικειοῦντες
1055 2333 1149 2371 αὐτὰ
1175 2338 1254 2375 ταῖς
1278 2347 1390 2381 ωραις
1413 2330 1604 2379 ἑκάσταις,
1631 2331 1681 2374 ὡς
1702 2331 1797 2382 μήτε
1820 2332 1968 2375 θάλπος
1991 2335 2268 2383 δυσχεραίνειν,
2291 2336 2382 2384 μήτε
2404 2338 2501 2386 πρὸς

393 2386 507 2441 κρύος
529 2390 793 2441 ἀπαγορεύειν·
842 2393 968 2429 ἔπειτα
992 2393 1034 2430 δὲ
1052 2395 1213 2443 χρίομεν
1236 2391 1345 2440 ἑλαίω
1369 2391 1433 2427 καὶ
1456 2374 1802 2441 καταμαλάττομεν,
1832 2387 1884 2433 ὥς
1906 2388 2134 2439 ευτονώτερα
2157 2396 2358 2441 γίγνοιντο.

272 2450 361 2490 ,48.
388 2449 552 2486 Lucian.
578 2450 677 2486 ibid.
704 2462 737 2486 c.
764 2451 823 2486 24.
848 2452 953 2487 med·
1006 2452 1239 2488 Τοῦντεῦθεν
1268 2452 1417 2486 ποικίλα
1448 2449 1492 2485 τά
1527 2447 1722 2498 γυμνάσια
1752 2447 2019 2496 ἐπινοήσαντες
2048 2452 2112 2486 καὶ
2136 2448 2385 2494 διδασκάλους
2407 2451 2500 2491 ἐκά-

392 2518 493 2545 στων
515 2505 801 2553 ἐπιστήσαντες,
827 2509 895 2545 τὸν
917 2512 990 2557 μέν
1012 2523 1095 2545 τινα
1118 2507 1336 2554 πυκτεύειν,
1361 2508 1429 2544 τὸν
1452 2509 1494 2544 δὲ
1517 2505 1807 2556 παγκρατιάζειν
1831 2506 2088 2558 διδάσκομεν,
2115 2507 2165 2549 ὠς
2186 2506 2270 2550 τούς
2293 2521 2332 2546 τε
2356 2509 2500 2555 πόνους

391 2566 584 2613 καρτερεῖν
618 2563 799 2606 ἐθίζοιντο
835 2566 899 2601 καὶ
934 2562 1053 2612 ὁμόσε
1085 2570 1227 2613 χωρεῖν
1262 2570 1342 2607 ταῖς
1378 2570 1558 2614 πληγαῖς,
1599 2568 1696 2615 μηδὲ
1731 2566 2002 2614 ἀποτρέποιντο
2041 2568 2114 2603 δέει
2149 2568 2224 2602 τῶν
2257 2566 2495 2616 τραυμάτων.

395 2622 513 2659 Τοῦτο
547 2621 590 2658 δὲ
620 2618 714 2671 ἡμῖν
745 2619 815 2659 δύο
849 2622 894 2659 τά
929 2622 1201 2674 ὠφελιμώτατα
1233 2620 1461 2672 ἐξεργάζεται
1492 2624 1535 2661 ἔν
1565 2622 1711 2670 αὖτοΐς,
1747 2624 1964 2673 θυμοειδεῖς
1988 2637 2025 2661 τε
2049 2621 2330 2671 παρασκευάζον
2353 2626 2391 2665 ἐς
2415 2625 2499 2667 τοὺς

390 2677 591 2720 κινδύνους
622 2682 686 2714 καὶ
719 2682 797 2716 τῶν
829 2678 1016 2729 σωμάτων
1047 2681 1223 2729 ἀφειδεῖν
1254 2683 1317 2716 καὶ
1340 2684 1485 2729 προςέτι
1508 2681 1699 2731 ἔρῥῶσθαι
1723 2684 1787 2717 καὶ
1812 2682 2012 2730 καρτεροὺς
2033 2678 2137 2715 εἶναι.
2177 2678 2285 2717 Ὅσοι
2308 2682 2349 2718 δὲ
2373 2681 2498 2720 αὐτῶν

389 2733 491 2772 κάτω
525 2733 812 2777 συννενευκότες
845 2740 1067 2784 παλαίουσι,
1104 2741 1347 2775 καταπίπτειν
1381 2750 1418 2774 τε
1454 2737 1635 2786 ἀσφαλῶς
1666 2736 1935 2788 μανθάνουσιν
1967 2740 2028 2773 καὶ
2059 2736 2286 2774 ἀνίστασθαι
2315 2738 2493 2788 εὐμαρῶς,

391 2793 457 2829 καὶ
480 2791 674 2843 ὠθισμοὺς
698 2796 761 2829 καὶ
785 2795 1035 2842 περιπλοκὰς,
1073 2798 1137 2832 καὶ
1161 2795 1386 2844 λυγισμοὺς,
1424 2796 1487 2830 καὶ
1511 2793 1698 2842 ἄγχεσθαι
1726 2793 1934 2838 δύνασθαι,
1970 2796 2034 2828 καὶ
2058 2795 2097 2834 ἐς
2120 2792 2218 2840 ὕψος
2240 2795 2491 2840 ἀναβαστάσαι

390 2849 460 2887 τὸν
489 2849 697 2888 ἀντίπαλον
730 2850 797 2888 οὐκ
831 2850 962 2902 ἀχρεῖα
995 2851 1084 2890 οὐδὲ
1114 2845 1217 2890 οὗτοι
1248 2853 1532 2900 ἐκμελετῶντες,
1565 2850 1661 2888 ἀλλὰ
1675 2851 1748 2889 -ἓν
1777 2853 1871 2901 μὲν
1901 2850 1953 2887 τὸ
1987 2852 2195 2898 πρῶτον
2226 2853 2290 2887 καὶ
2316 2855 2493 2900 μέγιστον

391 2905 664 2956 ἀναμφιβόλως
687 2906 885 2957 κτώμενοι.
935 2910 1213 2956 δυςπαθέστερα
1243 2908 1317 2957 γὰρ
1349 2910 1413 2944 καὶ
1443 2907 1697 2958 καρτερώτερα
1729 2909 1773 2946 τά
1804 2905 1960 2955 σώματα
1990 2912 2187 2955 γίγνονται
2209 2907 2335 2948 αὐτοῖς
2357 2910 2492 2945 διαπο-

390 2961 569 3013 νούμενα.
610 2961 659 2998 'E
672 2978 691 3000 τ
705 2977 721 3001 ε
736 2978 757 3011 ρ
772 2978 790 3001 o
807 2978 829 3001 ν
866 2965 919 3002 δὲ
956 2979 975 3003 ο
989 2964 1009 3001 ὗ
1024 2966 1078 3002 δὲ
1113 2979 1137 3001 α
1150 2963 1172 3001 ὖ
1185 2979 1205 3002 τ
1217 2965 1237 3002 ὁ
1272 2979 1302 3014 μ
1317 2980 1329 3001 ι
1342 2978 1364 3000 κ
1377 2979 1398 3013 ρ
1411 2962 1432 3002 ό
1446 2979 1480 3003 ν.
1530 2967 1699 3016 ἔμπειροι
1730 2965 1800 3012 γὰρ
1835 2964 1881 3011 δὴ
1918 2966 1961 3002 ἐκ
1994 2963 2128 3002 τούτου
2163 2968 2424 3011 καθίστανται,
2458 2969 2494 3003 εἴ

391 3034 482 3058 ποτε
514 3019 714 3069 ἀφίκοιντο
750 3024 803 3064 εἰς
830 3026 963 3072 χρείαν
993 3025 1082 3060 τῶν
1099 3020 1339 3072 μαθημάτων
1370 3023 1414 3061 ἐν
1444 3021 1584 3066 ὅπλοις.
1633 3026 1745 3070 δῆλον
1771 3021 1847 3071 γὰρ
1876 3020 1934 3060 ὅτι
1958 3025 2022 3059 καὶ
2045 3025 2209 3072 πολεμίω
2233 3022 2341 3067 ἀνδρὶ
2364 3019 2383 3058 ὁ
2408 3036 2492 3060 τοι-

390 3079 500 3121 οὗτος
521 3080 752 3127 συμπλακεὶς
775 3082 999 3131 καταρρίψει
1021 3093 1060 3119 τε
1082 3083 1225 3119 θᾶττον
1245 3078 1490 3124 ὑποσκελίσας
1512 3085 1576 3119 καὶ
1599 3080 1821 3119 καταπεσών
1844 3084 1982 3120 εἴσεται
2004 3079 2055 3123 ὥς
2077 3083 2194 3131 ῥᾷστα
2216 3081 2489 3122 ἐξανίστασθαι.

390 3134 514 3176 πάντα
536 3137 610 3185 γὰρ
635 3138 749 3174 ταῦτα
774 3139 832 3175 ἐπ’
859 3139 1006 3177 ἐκεῖνον
1035 3139 1103 3176 τὸν
1133 3139 1264 3187 ἀγῶνα
1295 3138 1524 3190 ποριζόμεθα
1546 3140 1612 3176 τόν
1634 3140 1676 3176 ἐν
1698 3143 1778 3181 τοῖς
1801 3137 1932 3181 ὅπλοις
1955 3142 2018 3175 καὶ
2040 3136 2235 3187 ἡγούμεθα
2258 3137 2354 3173 πολὺ
2378 3137 2493 3187 ἀμεί-

395 3206 483 3232 νοσι
503 3192 719 3245 χρήσασθαι
744 3198 822 3236 τοῖς
845 3195 963 3238 οὕτως
985 3196 1217 3243 ἀσκηθεῖσιν,
1244 3196 1401 3235 ἐπειδὰν
1419 3194 1603 3246 πρότερον
1624 3193 1750 3233 αὐτῶν
1771 3196 1899 3246 γυμνὰ
1924 3196 1967 3232 τὰ
1992 3194 2146 3244 σώματα
2168 3191 2494 3243 καταμαλάξαντες

398 3253 465 3289 καὶ
484 3250 791 3299 διαπονήσαντες,
816 3253 1115 3303 ἐρρωμενέστερα
1135 3256 1200 3292 καὶ
1216 3252 1450 3304 ἀλκιμώτερα
1467 3250 1758 3303 ἐξεργασώμεθα
1776 3256 1843 3291 καὶ
1861 3255 1988 3303 κοῦφα
2008 3254 2072 3289 καὶ
2090 3249 2223 3289 εὔτονα
2242 3252 2308 3287 καὶ
2328 3250 2376 3289 n}
2399 3252 2489 3291 autc*

391 3312 505 3356 βαρέα
528 3314 607 3352 τοῖς
632 3310 936 3358 ἀνταγωνισταῖς.

1602 3371 1632 3413 3
