2799 3476
1284 84 1597 133 ...20-

314 227 382 263 tm·
409 232 632 277 omnesque
661 216 773 263 vires
799 228 827 261 a
851 223 1002 261 namra
1029 213 1151 261 datas
1172 215 1456 262 excolerem-⁹2
1523 215 1728 273 Quonia-
1753 230 1854 264 vero
1879 219 2034 267 nostris
2063 221 2332 284 temporivus
2342 219 2426 269 αεὶ
2449 236 2573 284 35·-

314 295 500 342 nasticae
524 295 654 341 honos
677 309 791 351 suus,
824 291 904 339 etsi
931 308 1014 338 non
1037 291 1192 352 ubique
1214 301 1257 337 et
1282 292 1339 338 ab
1366 293 1581 354 omnibus,
1608 294 1783 342 retribui
1808 304 1992 359 coeptus·
2007 307 2104 358 ως·
2113 310 2332 361 Μιε-
2355 290 2440 346 diu
2463 299 2573 348 nn

315 391 395 420 nos
429 373 558 420 iac-iit
588 369 802 432 neglecta}
846 382 893 418 ut
927 371 982 417 de
1020 370 1280 417 utilitate
1314 370 1404 417 eius
1436 372 1575 420 verius
1608 373 1792 421 iudicare
1823 373 2052 435 μοιτί-ιιι,
2088 363 2146 423 de
2175 388 2275 424 me
2300 379 2573 440 mamm

321 453 580 499 Graxa-un·
614 453 695 498 bac
726 452 935 498 scribendi
971 449 1274 511 opportunitate
1306 451 1406 496 data
1440 452 1614 511 primum
1636 469 1879 527 exponam,
1908 470 1990 513 quo
2020 445 2132 500 facto
2160 454 2218 499 de
2241 456 2574 502 marcem-
2626 445 2632 458 ¹

316 530 412 576 den·
448 530 584 590 deque
619 530 709 577 eius
746 530 857 592 apud
892 545 968 575 nos
1003 527 1260 574 reducendae
1297 527 1434 574 causis
1470 544 1521 575 ac
1555 529 1742 589 ratione,
1781 540 1976 592 quantum
2003 524 2073 577 res
2107 529 2319 591 requirere
2347 531 2573 592 videbitur,

316 607 523 654 disserere
548 608 745 656 conabor.

427 697 728 757 Antiquissima
756 706 819 742 est
844 694 1042 741 memoria
1069 695 1274 753 ludorum,
1304 694 1374 754 qui
1403 694 1449 740 in
1474 695 1689 741 funeribus
1719 697 1968 743 nobiliorum
1996 701 2243 745 Graecorum
2273 698 2477 745 celebrari
2500 717 2575 746 so-

315 775 476 834 lebant,
504 792 674 835 quorum
700 773 933 835 exemplum
960 773 1070 834 apud
1098 777 1320 820 Homerum
1347 773 1391 820 in
1419 772 1543 821 Iliad.
1574 773 1658 821 lib..
1681 777 1834 822 XXIII
1860 776 2097 835 imreuitur,¹
2117 764 2190 824 ubi
2216 777 2404 825 Achilles
2428 781 2576 824 Patro-

317 854 384 899 οἷο
407 853 528 899 ludos
551 852 744 898 funebres
772 851 896 897 edere
919 851 1159 898 narratur.4
1226 854 1275 896 In
1305 850 1373 897 his
1401 850 1510 897 ludis
1538 849 1674 897 omnia
1700 851 1789 897 fere
1818 846 2155 899 exercitationum
2173 852 2464 915 gymnicorum
2487 854 2575 900 s'ta-

317 929 444 986 mina,
471 944 579 988 quae
603 928 713 987 apud
738 927 917 973 seriores
947 930 1127 974 Graecos
1152 927 1196 972 in
1220 945 1297 973 usu
1320 938 1432 985 sunt,
1463 928 1733 988 reperiuntur,
1761 929 1875 975 velut
1897 932 2122 976 cursitatio
2146 931 2202 977 ad
2224 942 2389 987 metam,
2418 940 2574 990 δρόμος,

316 1020 518 1067 ταχυτῆτος
549 1006 730 1063 {Mos-5,
758 1014 845 1050 tum
872 1020 1072 1053 curulum
1107 1003 1223 1063 equis
1262 1015 1471 1071 Veptorum
1502 1007 1765 1062 decertatio,
1799 1017 1910 1067 ἇγών
1942 1021 2115 1067 ἱππέων,
2150 1018 2363 1067 ἱπποσύνης
2395 1008 2574 1064 Isaac&

315 1101 440 1146 porro
461 1086 689 1143 pugilatus
698 1116 717 1139 ,
748 1094 879 1144 πυγμὴ
910 1082 1000 1128 sive
1026 1087 1285 1142 πυγμαχίαΊ,
1323 1086 1443 1129 lucia
1468 1084 1561 1130 sive
1592 1084 1785 1141 luctatio}
1818 1095 1920 1143 πάλη
1948 1085 2039 1131 Sive
2066 1097 2375 1147 παλαισμοσύνης
2396 1088 2575 1141 ἇθλοςὸ,

317 1179 519 1210 armorum
539 1179 695 1221 pugna
717 1160 954 1220 singularis,
980 1174 1143 1219 τευχέων
1164 1171 1284 1220 ἀγὼν,
1311 1162 1592 1222 μονομαχία9,
1619 1162 1843 1217 iaculatio,
1870 1175 2006 1222 ἐγχείη,
2032 1172 2221 1217 ἀκόντισις
2233 1166 2291 1220 ¹0,
2318 1164 2576 1220 sagittarum

318 1241 501 1297 amissio,
526 1251 700 1303 τόξευμα,
725 1249 911 1299 τοξευτική
926 1242 992 1295 ¹¹3
1019 1238 1196 1298 denique
1213 1240 1420 1305 iaculatio
1434 1257 1600 1284 massae
1602 1239 1808 1299 ferreae,
1836 1257 1957 1300 quem
1971 1250 2089 1291 σόλον
2102 1241 2286 1301 appellat
2300 1244 2503 1286 Homerus
2516 1245 2575 1298 ¹2,

317 1336 372 1365 ex
396 1337 477 1379 quo
497 1336 649 1380 genere
672 1330 816 1380 postea
840 1328 862 1377 ἡ
887 1331 1105 1377 &campana
1129 1328 1220 1363 orta
1242 1328 1320 1364 est.
1377 1317 1538 1373 Quibus
1562 1317 1925 1364 exercitationibus
1949 1335 2071 1377 quam
2095 1318 2336 1377 dignitatem
2360 1319 2578 1366 statuerint

318 1398 489 1456 Graeci,
522 1415 575 1443 ex
599 1397 678 1443 hac
702 1414 748 1443 re
773 1396 975 1442 coniicere
1000 1395 1119 1453 licet,
1156 1396 1265 1455 quod
1289 1396 1404 1442 nulla
1430 1412 1570 1441 earum
1595 1396 1705 1457 apud
1733 1400 1955 1442 Homerum
1983 1412 2010 1442 a
2034 1395 2226 1456 gregario
2257 1396 2389 1443 milite
2419 1408 2490 1444 aut
2521 1399 2576 1445 ab

315 1475 481 1523 homine
500 1462 677 1537 ignobili
696 1475 941 1536 suscipitur3
980 1491 1030 1520 ac
1053 1473 1260 1535 principes
1280 1491 1332 1519 ne
1353 1489 1595 1520 aerumnosa
1613 1472 1778 1534 quidem
1796 1472 2035 1532 certamina,
2064 1484 2109 1520 ut
2125 1490 2302 1533 cursum,
2330 1476 2576 1540 pugilatum,

317 1565 359 1599 et
385 1556 559 1612 luctam,
589 1555 817 1599 detrectant
847 1554 922 1598 sed
954 1553 1079 1598 avide
1106 1552 1335 1613 arripiunt,
1374 1552 1426 1595 de
1459 1551 1633 1596 victoria
1660 1550 1945 1611 superbientes
1978 1550 2111 1610 deque
2141 1552 2320 1612 praemis
2348 1553 2596 1615 deportatis.

314 1633 532 1678 laetantes.
590 1636 728 1677 Tanta
755 1642 844 1676 erat
872 1631 956 1675 iam
982 1630 1069 1674 illis
1098 1630 1351 1690 temporibus
1384 1629 1447 1673 rei
1479 1628 1727 1673 aestimatio.
1783 1632 1850 1672 De
1872 1627 2125 1686 singulorum
2150 1639 2286 1673 autem
2312 1630 2577 1678 certaminum

314 1710 424 1754 inter
448 1726 494 1754 se
518 1720 844 1770 comparatorum
871 1708 1073 1766 dignitate
1100 1709 1138 1751 si
1167 1708 1355 1766 quaeris,
1385 1707 1484 1751 ordo
1511 1723 1673 1763 eorum,
1689 1706 1841 1765 'qualis
1875 1706 1984 1766 apud
2012 1709 2234 1750 Homerum
2258 1708 2436 1767 legitur,
2465 1722 2577 1756 recte

316 1788 466 1832 docere
494 1787 681 1843 videtur,
722 1803 775 1831 ex
812 1803 893 1844 quo
928 1786 1200 1830 maximum
1231 1785 1467 1845 pretium
1505 1785 1698 1830 statuitur
1734 1801 1975 1843 equorum
2014 1784 2383 1843 cursitationi,
2422 1787 2577 1849 excipit

314 1856 609 1923 pugil-atus,
648 1863 860 1908 tertium
895 1863 1028 1907 locum
1071 1874 1182 1907 tenet
1219 1864 1451 1920 luctata,
1495 1862 1679 1921 sequitur
1713 1879 1931 1919 cursus,
1972 1861 2219 1920 quintum
2257 1862 2431 1907 locum
2465 1875 2577 1908 tenet

385 2020 421 2053 3.
453 2018 512 2054 Cf.
537 2018 703 2053 Lucian.
728 2019 944 2055 Anachars.
976 2029 1061 2065 cap.
1094 2021 1147 2055 15.

385 2074 421 2110 4.
452 2074 787 2111 Exci-citationum
813 2075 883 2111 illo
908 2082 1083 2123 tempore
1107 2074 1338 2111 usitatorum
1363 2086 1504 2122 genera
1531 2073 1743 2121 praecipua
1767 2072 1828 2109 his
1852 2071 2032 2109 versibus
2050 2073 2282 2120 complexus
2303 2079 2360 2108 est
2378 2075 2575 2110 Homerus

453 2130 567 2166 Iliad.
592 2133 746 2176 XXIII,
777 2133 867 2174 620,
905 2130 977 2165 ubi
1009 2131 1187 2167 Achilles
1219 2133 1421 2166 Nestorem
1454 2133 1748 2174 consolaturus,
1786 2130 1893 2179 quod
1926 2135 2056 2165 cetera
2087 2140 2229 2178 genera
2264 2130 2572 2174 exercitationis,

454 2193 606 2234 praeter
630 2198 819 2224 curruum
845 2186 1165 2230 decertationem,
1192 2198 1274 2222 non
1299 2186 1419 2233 possit
1444 2187 1619 2224 factitare
1645 2193 1803 2235 propter
1826 2191 2080 2232 senectutem,
2107 2185 2205 2223 haec
2231 2185 2359 2229 dicim,

882 2269 1046 2280 .....
1074 2243 1118 2280 οὐ
1142 2242 1216 2291 γὰρ
1241 2242 1315 2285 πύξ
1336 2255 1382 2291 γε
1404 2242 1604 2291 μαχήσεαι,
1635 2243 1725 2281 οὐδὲ
1748 2245 1950 2290 παλαίσεις,

885 2299 987 2337 Οὐδέ
1005 2303 1036 2336 τ’
1061 2300 1284 2336 ἀκοντιστὺν
1308 2299 1505 2346 emmaum,
1531 2300 1620 2337 οὐδὲ
1643 2298 1829 2336 πόδεσσιν

886 2356 1057 2393 Θεὺσεαι·
1092 2357 1161 2403 ἤδη
1185 2357 1260 2405 γὰρ
1280 2357 1452 2404 χαλεπὸν
1475 2358 1569 2394 κατὰ
1594 2360 1712 2405 γῆρας
1736 2359 1889 2404 ἐπείγει.

386 2415 421 2452 5.
451 2416 567 2452 Hom.
595 2414 707 2452 Iliad.
733 2416 874 2462 XXIII,
900 2416 985 2452 740.

881 2473 1064 2521 Πηλείδης
1088 2473 1121 2510 δ’
1147 2470 1231 2521 αἶψ’
1257 2470 1352 2510 ἄλλα
1377 2475 1472 2511 τίθει
1496 2473 1697 2520 ταχυτῆτος
1720 2469 1852 2510 ἄεθλα.

413 2554 426 2565 .
456 2531 562 2566 Idem
588 2531 688 2567 ibid·
715 2543 755 2568 v.
782 2533 1002 2568 272—650.

415 2612 425 2621 .
455 2589 562 2623 Idem
587 2589 684 2624 ibid.
713 2601 752 2625 v.
777 2590 859 2625 6⁵3.

387 2531 412 2622 QG>

885 2643 1015 2694 Αὐτὰρ
1040 2642 1059 2683 ὁ
1085 2647 1299 2693 πυγμαχίης
1321 2643 1515 2692 ἀλεγεινῆς
1536 2645 1655 2690 θῆκεν
1677 2641 1809 2680 ἄεθλα.

388 2702 426 2737 8.
457 2702 565 2738 Idem
590 2701 687 2738 ibid.
713 2714 751 2740 v.
775 2704 859 2740 700.

882 2759 1067 2805 Πηλείδης
1090 2759 1123 2794 ‹5‘
1148 2755 1229 2804 αἶψ’
1255 2756 1348 2794 ἄλλα
1371 2756 1465 2794 κατὰ
1490 2761 1592 2806 τρίτα
1617 2759 1737 2803 θῆκεν
1760 2755 1890 2802 ἄεθλα,

882 2812 1140 2864 Δεικνύμενος
1163 2817 1361 2861 Δαναοῖσι,
1387 2812 1695 2865 παλαισμοσύνης
1718 2813 1940 2863 ἀλεγεινῆςυ

387 2875 423 2907 9.
456 2874 564 2907 Idem
591 2872 690 2907 ibid.
718 2884 756 2907 v.
780 2873 998 2907 798—825.

365 2934 423 2966 10.
454 2930 561 2965 Idem
587 2928 686 2965 ibid.
713 2942 751 2965 v.
777 2930 963 2964 885—ad
987 2927 1055 2965 fin.

365 2991 421 3027 21.
451 2986 562 3027 Idem
584 2984 685 3026 ibid.
712 2998 750 3026 v.
776 2985 857 3025 850.
1637 3026 1640 3029 .

887 3041 1016 3094 Αὐτὰρ
1041 3042 1060 3083 ὁ
1085 3045 1276 3096 τοξευτῇσι
1299 3046 1394 3082 τίθει
1418 3042 1545 3083 ἰόεντα
1569 3044 1735 3095 σίδηρον.

367 3107 424 3139 12.
454 3104 563 3141 Idem
589 3103 689 3140 ibid.
715 3114 752 3138 v.
778 3103 860 3140 826.

886 3160 1017 3208 ,Αὐτὰρ
1041 3162 1222 3207 Πηλειδὴς
1246 3163 1364 3206 θῆκεν
1387 3159 1504 3197 σόλον
1527 3158 1770 3206 αὐτοχόωνον

874 3216 947 3256 *Ὀν
971 3219 1061 3266 πρὶν
1083 3219 1155 3266 μὲν
1180 3221 1359 3267 ῥίπτασκε
1380 3221 1480 3267 μέγα
1504 3220 1641 3258 σθένος
1658 3215 1868 3259 Ἠετίωνος.

366 3279 424 3315 13.
455 3277 563 3314 Idem
588 3278 686 3315 ibid.
711 3290 751 3316 v.
777 3278 862 3314 700.
911 3274 1006 3313 κατὰ
1037 3279 1150 3323 τρίτα.
