2799 3476
262 236 497 283 &eruum
519 235 792 282 studiosoru-
817 245 901 281 tam
926 252 1071 296 parm
1097 235 1326 295 proficiant,
1357 244 1440 279 tam
1462 234 1617 278 nullum
1644 248 1769 292 saepe
1790 250 1938 293 operae
1963 250 2062 280 suae
2088 234 2135 279 ia
2160 233 2311 279 litteris
2336 237 2490 294 positae

265 317 442 377 pm&
466 314 645 374 ficiunt,
677 315 790 361 vitae
816 315 1015 360 rationem
1041 315 1223 376 ipsorum
1254 324 1297 358 et
1321 313 1498 358 diaetam
1524 313 1798 358 advertamus.
1853 313 2011 359 Scholis
2048 313 2265 359 transactis
2298 330 2380 359 non
2407 328 2493 358 am-

263 397 450 444 bulatu·
481 405 577 441 cunt
610 406 680 442 aut
714 396 759 441 in
787 412 921 442 aerem
948 398 1157 442 salubrem
1186 394 1493 456 exspaciantur,
1532 392 1605 437 sed
1641 391 1686 439 in
1714 408 1918 452 cauponas
1954 410 1999 436 se
2029 394 2235 439 conferunt
2266 393 2411 454 ibique
2441 394 2495 439 ad

266 475 507 522 modicas
535 477 758 525 cerevisiae
783 477 969 538 potiones
1004 488 1046 521 et
1075 477 1129 520 ad
1149 476 1311 519 herbae
1334 474 1569 519 Nicotianae
1597 474 1828 517 suffimenta
1855 472 1897 515 in
1926 474 2093 516 multam
2118 486 2276 519 noctem
2303 476 2494 534 vigilant,

267 556 543 603 cantiunculas
578 557 778 618 insipidas
814 573 897 608 non
925 565 1156 613 cantantes,
1194 555 1265 599 sed
1293 554 1563 597 vociferantes
1591 564 1632 597 et
1663 554 1905 608 clamantes,
1939 553 2085 610 quibus
2118 554 2237 598 rebus
2273 566 2313 599 et
2342 566 2495 600 stoma-

265 635 385 682 chum
416 637 585 683 laedunt
611 647 653 682 et
679 638 809 682 latera
836 646 1118 696 corrumpunt,
1155 645 1224 680 aut
1261 636 1405 680 saltem
1438 634 1497 678 ita
1532 651 1577 679 se
1612 634 1829 678 debilitant
1863 645 1986 692 atque
2015 632 2229 677 conficiunt
2266 634 2353 679 sine
2386 637 2493 680 omni

265 716 447 774 corporis
472 716 736 771 salubritate,
773 726 817 758 ut
839 714 1024 773 proximo
1049 715 1138 770 die,
1175 714 1247 758 ubi
1277 714 1407 773 primo
1436 729 1554 756 mane
1586 713 1828 768 surgendum
1864 724 1904 756 et
1938 713 1980 756 in
2015 714 2178 757 scholas
2214 715 2387 757 eundum
2418 728 2490 771 est,

265 793 339 838 vix
365 810 414 838 ac
441 810 493 837 ne
523 793 595 838 vix
623 793 787 851 quidem
822 793 873 836 de
902 793 1006 837 lecto
1039 809 1205 850 surgere
1236 791 1416 851 possint,
1456 789 1675 849 superioris
1711 790 1840 849 noctis
1878 791 2043 850 crapula
2081 802 2202 851 caput
2240 802 2281 836 et
2317 793 2494 838 membra

265 871 400 917 adhuc
426 882 692 931 aggravante.
749 874 966 929 Postquam
994 870 1274 929 magistrorum
1302 870 1475 929 imperia
1503 880 1543 915 et
1569 885 1721 928 poenas
1750 870 1937 915 timentes
1970 871 2130 916 tandem
2160 871 2281 916 inviti
2309 887 2494 917 surrexe-

263 963 371 1006 runt,
409 952 528 1009 quid,
558 967 731 1007 quaeso,
763 951 838 995 tali
872 951 1029 996 ratione
1059 952 1226 995 affectos
1261 950 1303 994 in
1331 949 1478 994 litteris
1511 950 1724 993 elaborare
1751 965 1894 1008 posse,
1925 967 2003 1007 qua
2032 950 2156 995 animi
2181 951 2394 997 alacritate
2422 952 2496 997 do-

266 1042 424 1077 centem
460 1030 602 1078 audire
636 1030 899 1090 magistrum,
939 1048 1018 1090 quo
1053 1029 1228 1089 denique
1267 1029 1399 1075 fructu
1435 1027 1586 1075 scholis
1620 1027 1816 1074 interesse
1851 1028 2045 1089 putabis?
2098 1030 2255 1087 Quibus
2294 1031 2499 1078 contraria

264 1110 401 1159 omnia
428 1112 562 1158 futura
589 1122 748 1169 essent,
787 1111 824 1157 si
851 1110 959 1156 iusta
988 1122 1029 1155 et
1055 1109 1275 1155 artificiosa
1302 1108 1482 1170 corporis
1511 1107 1800 1153 exercitatione
1829 1119 1870 1153 et
1901 1120 1990 1154 orta
2018 1110 2114 1155 inde
2142 1112 2321 1173 corporis
2350 1112 2498 1157 animi-

264 1207 345 1251 que
371 1191 545 1237 sanitate
574 1208 623 1237 ac
656 1191 878 1237 sobrietate
907 1201 1127 1235 uterentur.
1171 1217 1223 1224 —
1263 1192 1464 1233 Alterum
1491 1191 1597 1248 quod
1626 1191 1819 1234 luctaturi
1856 1202 1948 1234 sunt
1975 1191 2141 1249 iuvenes
2174 1194 2302 1237 nostri
2328 1211 2380 1237 ex
2409 1207 2498 1239 arte

264 1272 521 1333 gymnastica
558 1271 637 1316 boc
676 1270 766 1316 erit.
823 1270 1018 1332 Aptiores
1055 1269 1274 1315 reddentur
1299 1270 1363 1326 ,ad
1401 1270 1511 1314 vitae
1549 1270 1715 1328 negotia
1750 1269 1877 1314 omnis
1910 1271 2093 1328 generis,
2135 1273 2256 1317 etiam
2290 1274 2497 1331 graviora,

265 1352 469 1412 patranda
497 1367 546 1397 ac
577 1345 804 1397 toleranda.
860 1350 1020 1396 Etenim
1048 1350 1280 1394 hominibus
1306 1350 1521 1413 litteratis,
1564 1350 1633 1409 qui
1661 1367 1765 1394 nunc
1791 1350 1955 1408 vivunt,
1984 1351 2049 1395 his
2074 1352 2223 1397 nostris
2248 1354 2499 1414 temporibus

266 1430 313 1477 iu
340 1430 430 1474 dies
458 1430 578 1490 plura
607 1441 729 1488 atque
756 1429 948 1487 graviora
976 1429 1142 1486 negotia
1169 1429 1444 1486 iniunguntur,
1472 1439 1518 1472 ut
1545 1446 1663 1473 nemo
1692 1430 1778 1472 sere
1806 1431 1994 1485 omnium,
2028 1432 2098 1487 qui
2128 1433 2180 1475 ad
2206 1434 2499 1491 rempublicam

268 1510 490 1569 gerendam
518 1508 642 1553 hodie
670 1508 879 1565 accedunt,
910 1508 1089 1567 negotiis
1114 1508 1269 1552 muneri
1295 1509 1459 1568 publico
1488 1509 1710 1570 coniunctis
1732 1525 1808 1569 par
1831 1526 1921 1554 esse
1947 1527 2070 1570 posse
2098 1512 2272 1571 amplius
2297 1513 2500 1558 videatur.

265 1589 345 1635 His
369 1589 547 1647 negotiis
575 1588 765 1647 gerendis
792 1589 969 1648 aptiores
1002 1599 1117 1633 erunt
1151 1590 1240 1633 sine
1265 1572 1411 1645 dubio,
1443 1589 1513 1647 qui
1544 1589 1674 1633 minus
1703 1589 1898 1633 imbecilli
1932 1602 1972 1634 et
2004 1590 2253 1636 robustiores
2285 1591 2382 1636 facti
2410 1592 2501 1637 fue-

264 1668 348 1714 rint
374 1668 543 1713 iuvenes
573 1669 702 1712 nostri
730 1668 909 1728 corporis
943 1668 1300 1712 exercitationibus
1328 1652 1449 1727 atque
1477 1678 1564 1715 arte
1594 1668 1862 1727 gymnastica.
1918 1672 2155 1713 Nostrorum
2182 1670 2402 1727 hominum,
2432 1671 2502 1730 qui

264 1749 556 1811 rempublicam
582 1759 742 1807 gerunt,
773 1749 842 1792 vel
869 1749 1268 1807 religiosissimorum
1290 1737 1399 1792 vires
1428 1766 1508 1792 non
1536 1748 1710 1808 amplius
1739 1748 1943 1792 sufficiunt
1966 1749 2064 1792 moli
2091 1750 2360 1808 negotiorum,
2398 1768 2501 1810 quae

263 1829 397 1877 indies
426 1829 471 1873 iii
498 1829 693 1873 maiorem
720 1845 927 1873 numerum
956 1840 1211 1883 accrescunt3
1258 1839 1298 1873 et
1333 1846 1422 1873 cum
1457 1829 1663 1874 scribendi
1695 1830 1826 1887 magis
1865 1830 2159 1888 desidendique
2198 1832 2332 1876 officia
2365 1832 2500 1876 iniun-

266 1894 416 1969 gantur
441 1924 562 1968 quam
589 1909 740 1968 agendi
764 1909 1028 1967 dicendique,
1061 1908 1177 1969 peius
1203 1909 1325 1953 etiam
1352 1909 1575 1953 valetudini
1602 1909 1842 1954 miserorum
1870 1910 2105 1955 consulitur.
2168 1910 2356 1954 Tertium
2383 1911 2501 1955 deni-

266 1974 346 2049 que
374 1991 682 2035 emolumentum
712 1989 812 2034 artis
846 1989 1122 2049 gymnasticae
1155 1989 1254 2044 erit,
1295 2006 1374 2047 quo
1406 1991 1559 2034 nullum
1595 1990 1718 2035 facile
1754 2001 1817 2035 est
1844 1991 1995 2047 maius,
2035 2001 2079 2034 ut
2106 1991 2286 2050 corporis
2314 1992 2499 2049 servitio,

265 2070 391 2114 animi
421 2070 594 2129 imperio
630 2081 792 2113 utantur
829 2069 996 2113 iuvenes
1034 2070 1176 2113 nostri.
1241 2070 1364 2113 Nulla
1395 2069 1503 2112 enim
1534 2087 1579 2113 re
1613 2069 1744 2126 magis
1776 2070 1968 2114 libidines
2002 2071 2303 2128 refraenantur,
2341 2072 2501 2131 cupidi-

265 2160 375 2194 tates
405 2160 654 2206 coercentur,
686 2167 752 2194 res
780 2150 962 2193 ludicrae
991 2160 1031 2193 et
1055 2164 1268 2204 venereae,
1298 2164 1465 2205 quarum
1489 2160 1570 2193 tam
1594 2149 1730 2209 cupidi
1756 2150 1883 2193 nostri
1911 2161 2002 2194 sunt
2025 2151 2302 2195 adolescentes
2331 2164 2370 2195 et
2397 2168 2500 2211 quae

266 2230 444 2276 animum
472 2230 648 2274 maxime
678 2230 950 2290 pessundant,
991 2228 1193 2273 salubrius
1232 2239 1465 2272 amoventur
1502 2246 1549 2273 ac
1586 2230 1885 2288 deprimuntur,
1926 2247 2043 2287 quam
2080 2232 2259 2290 corporis
2291 2232 2397 2276 iusta
2426 2249 2500 2276 ex-

266 2311 527 2368 ercitatione,
561 2327 666 2369 quae
699 2311 758 2355 ita
786 2312 855 2367 fit,
883 2321 928 2355 ut
956 2326 1100 2370 corpus
1133 2308 1350 2354 artificiose
1377 2320 1418 2353 et
1450 2311 1666 2354 secundum
1701 2311 1864 2368 regulas
1903 2312 2112 2355 excolatur
2147 2323 2267 2370 atque
2296 2313 2500 2356 salubrem

267 2391 604 2450 defatigationem
634 2391 871 2435 contrahere
900 2391 1105 2434 doceatur.
1163 2392 1298 2446 Atque
1320 2389 1396 2431 hac
1424 2398 1575 2432 tantum
1604 2390 1760 2432 ratione
1788 2405 1884 2433 vera
1915 2392 2047 2432 animi
2074 2392 2248 2433 libertas
2275 2393 2501 2451 comparari

268 2480 417 2529 potest.
474 2468 591 2513 Nihil
620 2470 725 2512 enim
757 2480 819 2512 est
846 2469 1019 2512 liberum
1050 2485 1165 2524 esse,
1202 2467 1282 2511 nisi
1310 2484 1479 2511 vacuum
1508 2484 1533 2512 a
1560 2469 1825 2524 libidinibus,
1865 2470 2010 2526 quibus
2045 2470 2124 2514 nisi
2152 2471 2351 2528 imperas,
2384 2471 2500 2530 ipsae

266 2549 345 2593 tibi
368 2549 638 2608 imperabunt,
668 2548 711 2590 id
736 2549 844 2606 quod
873 2549 1147 2606 turpissimum
1174 2558 1236 2590 est
1264 2547 1487 2591 servitium.

378 2626 573 2681 Haecad
602 2642 687 2669 rem
717 2626 935 2671 sufficiunt.
994 2628 1109 2680 Quae
1135 2637 1351 2685 propterea
1380 2627 1552 2670 tractavi
1582 2627 1796 2681 libentius,
1827 2628 1931 2683 quod
1956 2644 2047 2685 spes
2075 2628 2184 2670 laeta
2207 2629 2329 2670 rebus
2353 2631 2499 2672 nostris

267 2704 461 2764 affulget,
490 2705 601 2763 fore,
637 2715 682 2750 ut
708 2705 893 2765 proxime
921 2704 1020 2749 artis
1051 2705 1331 2765 gymnasticae
1360 2704 1576 2765 disciplina
1607 2705 1728 2749 etiam
1761 2705 1802 2749 in
1834 2717 1966 2749 nostro
2000 2705 2221 2764 Gymnasio
2256 2707 2497 2752 instituatur.

269 2784 396 2831 Cuius
426 2784 487 2830 rei
516 2785 674 2843 gratiae
703 2801 728 2830 a
751 2784 869 2830 nobis
898 2800 946 2830 ac
975 2785 1185 2844 discipulis
1215 2785 1363 2829 nostris
1393 2795 1433 2830 et
1456 2785 1712 2830 habebuntur
1740 2796 1779 2829 et
1805 2796 1972 2842 agentur
1996 2786 2263 2830 curatoribus
2288 2788 2497 2847 Gymnasii

270 2863 400 2908 nostri
429 2863 654 2919 maximae,
693 2880 765 2908 nec
804 2864 973 2908 deerunt
1011 2864 1163 2907 fructus
1199 2863 1416 2919 uberrimi,
1456 2864 1498 2908 in
1532 2865 1722 2909 iuvenum
1759 2875 1981 2908 nostrorum
2016 2865 2171 2910 animos
2201 2882 2247 2910 ac
2274 2868 2404 2910 studia
2430 2884 2495 2911 re-

269 2943 503 2989 dundaturi.
560 2944 661 2988 Duit
690 2949 801 2989 Deus
831 2948 884 2989 Ο.
914 2948 989 2999 Μ.,
1031 2954 1074 2987 ut
1112 2943 1212 2985 haec
1251 2958 1410 3000 quoque
1445 2960 1578 2988 rerum
1614 2957 1834 2989 nostrarum
1873 2943 1917 2987 in
1952 2945 2098 2989 melius
2128 2947 2330 3004 provectio
2358 2947 2494 2990 florem

272 3021 437 3068 scholae
464 3001 628 3066 nostra‘e
655 3023 858 3081 adaugeat
887 3039 934 3067 ac
961 3022 1218 3081 disciplinam
1246 3032 1424 3066 nostram
1454 3022 1499 3067 in
1526 3023 1848 3068 adolescentibus
1879 3040 2000 3069 curae
2027 3036 2187 3069 nostrae
2215 3025 2371 3070 traditis
2400 3026 2496 3071 seli-

272 3101 369 3145 citet
394 3118 443 3147 ac
470 3103 715 3148 fortunatam
743 3102 902 3148 reddat.
