2799 3476
1173 72 1486 122 ...8-

205 175 468 274 cenerum
486 203 836 267 depugnatio,
865 215 1029 257 sext-
1049 214 1074 264 e,
1095 209 1215 253 ὤιον
1235 211 1454 264 edentem,
1486 218 1542 247 ex
1573 218 1656 261 qus
1684 204 2013 251 discobolia-
2032 211 2150 261 orte,
2185 202 2450 263 septimu-

207 285 550 346 sagittarum
565 282 820 342 emissio,
846 297 1097 330 outnu-
1119 282 1286 328 dem-
1311 280 1500 330 bestae
1524 280 1797 329 iaculatio-

320 374 595 436 'l'emporibm
628 374 824 422 immun
862 373 1057 435 quoniam
1094 381 1233 434 tantus
1275 380 1367 418 erat
1404 370 1593 416 ludorum
1633 372 1912 432 gymnicorum
1950 375 2057 420 inter
2097 377 2281 421 Graecos
2316 387 2448 429 amor,

205 449 360 502 mm
387 466 473 513 est,
510 465 557 501 ut
587 454 810 501 certamina
831 453 926 499 issa
936 451 1130 513 pdsiica,
1169 450 1392 511 olympica
1403 451 1470 508 ¹⁴,
1506 451 1702 508 Isthmia,
1737 450 1911 511 Pythia,
1948 457 2103 497 Nemee
2125 448 2450 510 instituere-tn,

173 569 186 579 .
204 542 434 599 mmmm
454 535 556 581 illae
582 545 725 581 smne
749 532 880 579 totius
901 529 1097 588 undae,
1124 529 1169 573 in
1196 529 1346 590 quibus
1372 540 1539 590 praeter
1564 531 1719 575 musica
1746 541 1788 575 et
1818 532 2024 589 equestria
2046 533 2266 577 certamina
2277 534 2320 571 ¹5
2345 533 2450 579 ωηο

201 616 383 664 maxime
409 614 720 662 exercitationes
749 611 1066 669 factitabantur,
1101 624 1209 670 quae
1235 610 1417 671 eorporis
1448 621 1586 656 essent
1614 622 1657 655 et
1683 611 1847 655 nomine
1879 624 1947 659 τοῦ
1978 619 2193 659 neminen
2202 613 2247 648 ¹6
2272 628 2447 669 cum,

204 691 378 757 saltum,
413 697 519 744 disci
543 694 859 758 proiectionem,
894 692 1103 737 hastarum
1134 690 1393 737 emissionem
1425 702 1467 737 et
1499 693 1652 737 luctam
1684 694 2056 754 complectebatur,
2095 707 2202 752 quae
2228 694 2447 738 certamina

204 779 284 827 boc
308 794 430 826 versu
457 784 713 841 pentametro
739 772 966 835 composuit
990 768 1224 819 Simonides
1234 776 1301 818 ¹⁷8

861 862 994 917 Ἆλμα,
1018 865 1242 913 ποδωκείην,
1266 864 1411 912 δίσκον,
1434 861 1589 912 ἄκοντα,
1615 855 1756 913 πάλην.

203 955 449 1010 Quanquam
474 946 584 993 enim
611 956 765 992 certum
792 954 879 1002 est,
917 944 1021 990 haec
1053 944 1276 990 certamina
1307 953 1392 989 tum
1428 944 1588 988 demum
1623 955 1689 993 τοῦ
1713 953 1941 1003 πεντάθλου,
1977 943 2254 1004 quinquenii,
2286 943 2450 989 nomine

199 1030 315 1077 ¹‹licta
341 1045 460 1085 esse,
499 1026 538 1073 si
568 1042 672 1072 unus
707 1025 829 1071 homo
865 1022 1002 1070 omnia
1034 1021 1117 1069 ista
1147 1021 1325 1082 quinque
1355 1022 1577 1068 certamina
1613 1023 1947 1084 complecteretur
1984 1034 2027 1069 et
2059 1019 2258 1085 deinceps
2283 1023 2449 1079 ederet3

201 1101 338 1156 tamen
364 1108 468 1153 haec
494 1106 588 1167 ipsa
615 1105 739 1151 etiam
766 1103 932 1162 singula
958 1119 1007 1149 ac
1034 1100 1246 1162 peculiare
1273 1095 1389 1147 erant
1416 1102 1597 1162 corporis
1629 1103 1848 1161 exercitia,
1878 1114 2041 1164 praeter
2064 1105 2310 1165 pugilatum,
2346 1090 2448 1164 my-

200 1183 291 1253 μὴρ,
332 1204 439 1247 quae
465 1204 542 1247 pro
571 1183 845 1240 iaculatione,
882 1196 926 1244 τῇ
949 1194 1161 1256 ἀκοντίαι,
1199 1180 1420 1227 substituta
1447 1198 1540 1227 esse
1565 1182 1752 1240 videtur,
1791 1183 1829 1228 si
1855 1178 2081 1231 certamina
2107 1182 2184 1230 illa
2207 1182 2449 1243 singulatim

201 1270 429 1316 edebantur
455 1277 528 1312 aut
554 1282 582 1335 a
609 1263 784 1324 singulis
811 1262 1120 1309 factitabantur.
1175 1262 1321 1307 Lucia
1348 1271 1390 1307 et
1410 1262 1637 1320 pugilatus
1663 1261 1735 1307 ubi
1763 1262 2007 1308 coniunctim
2038 1264 2093 1309 ab
2119 1279 2201 1309 uno
2227 1263 2451 1323 eodemque

143 1360 146 1370 ¹
200 1368 251 1397 ac
277 1349 401 1403 simul
424 1346 607 1404 fiebant,
635 1356 677 1394 ut
703 1352 936 1405 παγκράτιον
948 1345 1017 1400 18,
1055 1341 1138 1388 dici
1171 1342 1355 1400 solebat,
1392 1352 1433 1387 et
1467 1342 1505 1388 si
1536 1342 1606 1401 qui
1633 1342 1678 1387 in
1706 1343 1781 1388 tali
1805 1343 2019 1389 coniuncto
2042 1343 2275 1390 certaminis
2295 1359 2449 1403 genere

200 1429 476 1485 excellebant,
504 1425 551 1471 hi
574 1437 874 1486 παγκρατιασταὶ
900 1422 1309 1483 ερρεΠαὶιαιιῐιιτ,’ἰᾶ
1338 1423 1446 1482 quod
1472 1423 1533 1469 sic
1556 1423 1867 1483 intelligendum
1894 1435 1983 1483 est,
2011 1435 2056 1471 ut
2080 1435 2294 1483 statuatur,
2322 1439 2451 1485 pecu·

198 1511 304 1556 liare
340 1509 419 1553 hoc
453 1523 583 1565 genus
618 1504 849 1550 certaminis
886 1483 1029 1549 fuisse.
1084 1506 1189 1549 Nam
1217 1502 1288 1562 qui
1314 1504 1525 1563 pancratio
1561 1505 1841 1562 excellebant,
1879 1521 2005 1566 saepe
2034 1505 2157 1551 etiam
2185 1521 2351 1551 numero
2379 1514 2450 1551 aut

198 1590 351 1635 luctam
373 1597 444 1633 aut
470 1585 700 1646 pugilatum
722 1584 957 1643 singulatim
979 1583 1225 1627 exercebant
1244 1582 1425 1642 insuper,
1454 1601 1536 1643 qua
1561 1585 1614 1628 de
1635 1601 1759 1629 causa
1782 1585 1994 1648 agonistae
2018 1585 2231 1645 pancratio
2258 1596 2301 1629 et
2322 1586 2448 1642 lucta,

199 1662 410 1730 pancratio
438 1676 480 1711 et
506 1665 694 1727 pugilatu
720 1680 846 1724 saepe
873 1664 1026 1709 vicisse
1053 1673 1282 1708 narrantur.
1297 1663 1340 1699 ¹9

245 1825 305 1863 14.
336 1823 396 1860 Cs-
426 1821 613 1871 Olympia
645 1819 740 1855 oder
763 1818 1012 1865 Darstellung
1044 1816 1114 1853 der
1145 1828 1304 1865 grossen
1330 1818 1613 1865 Olympischen
1637 1819 1770 1867 Spiele
1801 1820 1884 1856 und
1916 1821 1987 1856 der
2018 1820 2142 1857 damit
2164 1820 2448 1857 verbundenen

335 1877 654 1921 Festlichkeiten‚
680 1876 802 1913 sowie
827 1874 1091 1911 sammtlicher
1112 1874 1319 1910 kleineren
1344 1875 1556 1923 Olympien
1582 1876 1624 1912 in
1648 1876 1956 1914 verschiedenen
1981 1878 2153 1924 stamen,
2181 1876 2293 1914 nebst
2317 1876 2448 1913 einem

333 1933 633 1973 'atisfiihrlichen
656 1930 957 1969 Verzeichnisse
980 1931 1049 1966 der
1074 1930 1355 1977 Olympischen
1379 1932 1512 1980 Sieger
1545 1932 1588 1967 in
1619 1933 1935 1980 alphabetischer
1961 1936 2148 1983 Ordnung
2181 1935 2262 1970 und
2288 1934 2449 1982 einigen

335 1994 592 2041 Fragmenten
616 1989 684 2026 des
707 1989 880 2037 Phlegon
905 1999 973 2023 aus
998 1990 1149 2023 Tralles
1182 1990 1268 2036 περὶ
1292 1989 1369 2023 τῶν
1386 1986 1612 2036 Ὀλυμπίων.
1661 1991 1753 2027 Van
1776 1990 1864 2025 1οῆ.
1892 1993 2030 2025 Heinr.
2056 1995 2212 2025 Krause
2244 1991 2307 2035 (in
2331 1992 2448 2024 Halle

334 2061 387 2087 an
411 2050 480 2085 der
504 2047 646 2091 Saale).
694 2045 828 2088 Wien,
868 2046 929 2080 Fr.
956 2046 1094 2086 Beck¹s
1118 2045 1697 2093 Universitiitsbuchhandlung,
1739 2049 1839 2082 1838.
1889 2048 2003 2083 Adde
2028 2053 2165 2094 Meyer
2190 2047 2447 2095 Olympisehe

335 2106 468 2154 Spiele
491 2105 534 2140 in
558 2105 627 2139 der
651 2101 964 2149 Encyclopaedie
987 2113 1066 2137 von
1090 2101 1211 2137 Ersch
1233 2102 1315 2137 und
1342 2101 1518 2147 Gruber,
1547 2114 1635 2151 pag.
1660 2103 1742 2139 294.
1792 2104 2017 2152 Rathgeber
2041 2105 2253 2153 Olympia,
2284 2105 2329 2142 in
2353 2106 2446 2142 der-

335 2161 470 2200 selben
493 2158 819 2206 Encyclopaedie‚
846 2168 932 2205 pag.
960 2159 1039 2193 114.
1086 2158 1223 2192 Kleine
1250 2158 1500 2207 Olympische
1522 2159 1647 2208 Spiele
1668 2158 1816 2195 ibidem
1843 2172 1929 2207 pag.
1955 2161 2038 2196 324.

245 2222 302 2260 15.
332 2220 394 2258 Cf.
420 2222 576 2254 Krause
600 2214 810 2262 Olympia,
848 2225 936 2262 pag.
964 2215 1022 2249 13.
1069 2214 1192 2261 leder.
1211 2214 1327 2261 Agon
1363 2213 1525 2250 bestand
1560 2215 1760 2250 entweder
1794 2214 1882 2251 blos
1917 2227 1986 2251 aus
2022 2216 2282 2264 gymnischen
2312 2218 2444 2254 Wett-

333 2277 524 2327 kiimpfen
548 2273 675 2323 (ἀγών
695 2269 899 2322 γυμνικός)
931 2272 1026 2309 oder
1058 2270 1246 2320 lediglich
1278 2282 1346 2308 aus
1371 2271 1498 2308 einem
1521 2274 1862 2309 Rosswettrennen
1894 2272 2019 2320 (ἀγών
2043 2272 2219 2320 ἱππικός,
2256 2274 2445 2321 ἱπποδρο-

333 2337 458 2386 μίαι),
493 2333 570 2371 wie
595 2332 638 2374 iu
661 2330 888 2368 heroischer
914 2329 1001 2365 Zeit
1023 2330 1092 2365 das
1116 2341 1168 2364 zu
1193 2329 1407 2365 Onchestos
1432 2329 1487 2364 im
1510 2329 1637 2365 Haine
1661 2330 1894 2374 Poseidons,
1934 2332 2030 2366 oder
2054 2344 2127 2366 zuo
2107 2333 2233 2380 gleich
2257 2343 2327 2367 aus
2352 2333 2445 2368 dem

334 2391 594 2443 gymnischen
615 2391 731 2438 Agon
756 2388 837 2423 und
863 2388 952 2422 dem
975 2391 1340 2430 Rosswettrennen,
1373 2386 1451 2422 wie
1476 2386 1541 2422 die
1566 2387 1779 2434 Olympien
1808 2388 1890 2423 und
1924 2388 1988 2423 die
2023 2389 2185 2425 meisten
2212 2388 2442 2436 Festspiele,

335 2452 431 2487 oder
455 2460 527 2485 zuo
508 2447 637 2497 gleich
663 2458 731 2483 aus
756 2445 885 2482 einem
909 2443 1135 2481 musischen
1159 2443 1241 2480 und
1268 2443 1395 2480 einem
1420 2442 1677 2493 gymnischen
1700 2445 1816 2494 Agon
1840 2444 1946 2482 ohne
1970 2444 2332 2494 Hippodromieen,
2366 2446 2445 2483 wie

335 2508 400 2546 die
425 2519 475 2543 zu
500 2509 628 2550 Teos,
667 2505 762 2541 oder
793 2501 953 2539 endlich
984 2500 1167 2551 zugleich
1198 2512 1267 2538 aus
1299 2501 1389 2538 dem
1419 2500 1668 2547 musischen,
1706 2503 1794 2538 dem
1820 2503 2075 2552 gymnischen
2105 2503 2184 2538 und
2211 2503 2301 2539 dem
2326 2507 2444 2541 Ross-

332 2571 602 2608 wettrennen‚
640 2561 719 2598 wie
743 2560 808 2597 die
831 2559 1000 2607 Pythien
1036 2559 1127 2604 (seit
1152 2560 1213 2595 01.
1239 2560 1299 2604 49,
1325 2562 1365 2604 3)
1403 2560 1468 2594 die
1492 2563 1663 2595 Nemeen
1693 2561 1774 2596 und
1802 2561 2010 2607 Isthmien,
2048 2560 2123 2596 wie
2148 2560 2214 2597 die
2240 2558 2444 2599 Erotidien

334 2623 405 2658 det
427 2619 633 2666 Thespier,
662 2618 727 2653 die
750 2617 892 2652 Actien
917 2629 967 2650 zu
992 2616 1201 2662 Nikopolis
1226 2617 1307 2650 und
1331 2617 1434 2651 viele
1459 2618 1614 2661 andere,
1642 2630 1683 2652 u.
1710 2629 1741 2653 s.
1766 2629 1817 2653 w.

242 2679 301 2716 16.
333 2678 392 2715 Cf.
418 2674 577 2714 Pauli
609 2674 658 2711 de
689 2671 974 2723 significatione
1004 2671 1216 2710 verborum
1248 2683 1299 2708 ex
1321 2677 1431 2710 Festo
1459 2684 1550 2723 pag.
1577 2675 1657 2711 132.
1690 2681 1728 2711 et
1760 2685 1846 2723 pag.
1874 2677 1948 2710 117.
1981 2672 2122 2724 ibique
2153 2673 2322 2725 interpp.
2352 2689 2439 2727 pag.

440 2734 532 2771 edit.
557 2744 681 2770 meae.

242 2796 298 2829 17.
328 2736 479 2828 Zizima.
504 2790 641 2839 fragm.
669 2789 711 2826 in
735 2788 952 2834 Anthol.1,
980 2791 1014 2825 1.
1040 2794 1140 2825 extr.
1188 2791 1247 2825 De
1271 2788 1409 2825 ordine
1433 2788 1574 2824 horum
1599 2788 1848 2825 certaminum
1873 2788 1916 2821 in
1936 2787 2192 2838 quinquertio
2215 2790 2265 2826 cf.
2286 2793 2436 2828 Boekh.

333 2849 382 2885 ad
406 2847 566 2885 Pindar.
592 2850 680 2886 Not.
705 2845 805 2885 critt.
832 2852 924 2883 tom.
950 2847 979 2891 1,
1007 2857 1092 2895 pag.
1121 2846 1201 2882 542.

242 2906 300 2946 18.
330 2905 437 2943 Idem
468 2903 544 2940 hoc
575 2913 696 2955 genus
728 2903 931 2939 dicebatur
962 2903 1003 2938 τὸ
1036 2901 1262 2952 παμμάχιον
1292 2909 1330 2937 et
1362 2903 1432 2952 qui
1465 2903 1535 2937 illo
1567 2909 1764 2937 uterentur
1794 2900 2011 2948 παμμάχω.
2060 2906 2145 2937 Hoc
2169 2911 2360 2938 certamen
2385 2905 2438 2939 ita

331 2963 469 3005 fiebat,
507 2969 572 3002 ut,
610 2963 681 3010 qui
713 2962 786 2995 illo
819 2962 876 2995 uti
906 2964 1046 3003 vellet,
1082 2961 1120 2995 ei
1152 2973 1232 2995 non
1264 2962 1381 2995 modo
1413 2964 1518 3007 leges
1549 2964 1673 2995 luctae
1703 2972 1842 2994 verum
1875 2958 1992 2996 etiam
2027 2960 2223 3008 pugilatus
2251 2960 2437 2999 victoriae

333 3033 448 3056 causa
482 3017 628 3054 licebat
662 3016 864 3054 adhibere.
922 3020 1076 3055 Poterat
1111 3016 1217 3055 enim
1253 3015 1520 3056 adversarium
1562 3014 1739 3064 pugilum
1780 3027 1889 3054 more
1933 3027 2063 3066 pugno
2103 3017 2219 3056 ferire
2258 3023 2295 3055 et
2329 3028 2439 3058 more

332 3074 563 3116 luctantium
600 3081 869 3123 prosternere,
907 3074 1132 3124 continere,
1170 3087 1273 3126 genu
1310 3081 1347 3114 et
1382 3077 1488 3114 calce
1525 3079 1738 3124 percutere.
1787 3074 1849 3113 Cf.
1875 3075 2121 3113 Mercurialis
2143 3076 2192 3113 de
2214 3081 2296 3113 arte
2319 3087 2437 3128 gym-

421 3135 430 3144 ‘
457 3147 479 3172 a
500 3131 571 3171 lib.
597 3134 630 3169 Π
671 3142 705 3170 c.
730 3132 765 3170 9.

243 3194 299 3232 19.
331 3144 581 3231 gssffti'causm.
606 3158 657 3236 ii,
682 3193 741 3234 21,
768 3191 802 3225 5.
829 3190 900 3226 ubi
920 3191 1093 3227 Aristeas
1113 3193 1409 3228 Stratonicensis
1434 3191 1634 3237 pancratio
1660 3199 1698 3228 et
1719 3194 1825 3228 lucta
1850 3205 1928 3228 uno
1950 3192 2013 3228 die
2032 3191 2169 3227 vicisse
2191 3191 2434 3238 perhibetur.

333 3252 448 3289 Adde
470 3250 640 3288 indicem
662 3246 1028 3296 Olympionicarum
1049 3249 1152 3297 apud
1174 3251 1387 3285 Krausium
1408 3248 1451 3285 in
1471 3249 1657 3297 Olympia
1679 3262 1718 3298 p.
1741 3251 1822 3287 249.
1844 3249 1942 3286 ibid.
1964 3261 2003 3297 p.
2025 3250 2105 3285 252.
2129 3254 2168 3286 et
2186 3248 2284 3287 alibi
2304 3262 2430 3300 saepe.
